<record><leader>00000cas a2200000 a 4500</leader><controlfield tag="001">10311877</controlfield><controlfield tag="008">840118d186718uunbucr ne      0    0eng d</controlfield><datafield ind1=" " ind2=" " tag="010"><subfield code="a">sn 84022156 </subfield></datafield><datafield ind1=" " ind2=" " tag="040"><subfield code="a">NPX</subfield><subfield code="b">eng</subfield><subfield code="c">NPX</subfield><subfield code="d">CNQ</subfield><subfield code="d">NVJ</subfield><subfield code="d">NVG</subfield><subfield code="d">OCL</subfield><subfield code="d">CRL</subfield><subfield code="d">OCLCQ</subfield></datafield><datafield ind1=" " ind2=" " tag="042"><subfield code="a">msc</subfield></datafield><datafield ind1=" " ind2=" " tag="043"><subfield code="a">n-us-wy</subfield><subfield code="a">n-us-nb</subfield><subfield code="a">n-us-co</subfield></datafield><datafield ind1=" " ind2="4" tag="050"><subfield code="a">AN2.N2</subfield><subfield code="b">F76</subfield></datafield><datafield ind1="0" ind2="4" tag="245"><subfield code="a">The Frontier index.</subfield></datafield><datafield ind1=" " ind2=" " tag="260"><subfield code="a">Kearney [i.e. Fort Kearny], Neb. :</subfield><subfield code="b">Freeman &amp; Ainsworth</subfield></datafield><datafield ind1=" " ind2=" " tag="300"><subfield code="a">v.</subfield></datafield><datafield ind1=" " ind2=" " tag="310"><subfield code="a">Semiweekly,</subfield><subfield code="b">&lt;1867-1868&gt;</subfield></datafield><datafield ind1="1" ind2=" " tag="362"><subfield code="a">Began in 1865.</subfield></datafield><datafield ind1=" " ind2=" " tag="500"><subfield code="a">Published in North Platte, Neb., 186 ; Julesburg, Neb. [Colo.], 186&lt;7&gt;; Fort Sanders, D.T. [Wyo.], &lt;Mar.&gt; 1868; Laramie City, D.T. [Wyo.], &lt;Apr.&gt;-July 1868; Green River City, D.T. [Wyo.], Aug.-Oct. 1868; Bear River City, Wyo., Oct.-Nov. 1868.</subfield></datafield><datafield ind1=" " ind2=" " tag="500"><subfield code="a">Pioneer paper of the plains--of the successive terminal towns of the Union Pacific Railroad and Territory of Wyoming.</subfield></datafield><datafield ind1=" " ind2=" " tag="500"><subfield code="a">Last issue located: Nov. 17, 1868.</subfield></datafield><datafield ind1=" " ind2=" " tag="515"><subfield code="a">Vol. numbering dropped by Mar. 6, 1868.</subfield></datafield><datafield ind1=" " ind2=" " tag="588"><subfield code="a">Description based on: Vol. 1, no. 10 (July 5, 1867).</subfield></datafield><datafield ind1=" " ind2="0" tag="651"><subfield code="a">Bear River City (Wyo.)</subfield><subfield code="v">Newspapers.</subfield></datafield><datafield ind1=" " ind2="0" tag="651"><subfield code="a">Fort Kearny (Neb.)</subfield><subfield code="v">Newspapers.</subfield></datafield><datafield ind1=" " ind2="0" tag="651"><subfield code="a">North Platte (Neb.)</subfield><subfield code="v">Newspapers.</subfield></datafield><datafield ind1=" " ind2="0" tag="651"><subfield code="a">Julesburg (Colo.)</subfield><subfield code="v">Newspapers.</subfield></datafield><datafield ind1=" " ind2="0" tag="651"><subfield code="a">Fort Sanders (Wyo.)</subfield><subfield code="v">Newspapers.</subfield></datafield><datafield ind1=" " ind2="0" tag="651"><subfield code="a">Laramie (Wyo.)</subfield><subfield code="v">Newspapers.</subfield></datafield><datafield ind1=" " ind2="0" tag="651"><subfield code="a">Green River (Wyo.)</subfield><subfield code="v">Newspapers.</subfield></datafield><datafield ind1=" " ind2=" " tag="752"><subfield code="a">United States</subfield><subfield code="b">Wyoming</subfield><subfield code="c">Uinta</subfield><subfield code="d">Bear River City.</subfield></datafield><datafield ind1=" " ind2=" " tag="752"><subfield code="a">United States</subfield><subfield code="b">Nebraska</subfield><subfield code="c">Kearney</subfield><subfield code="d">Fort Kearny.</subfield></datafield><datafield ind1=" " ind2=" " tag="752"><subfield code="a">United States</subfield><subfield code="b">Nebraska</subfield><subfield code="c">Lincoln</subfield><subfield code="d">North Platte.</subfield></datafield><datafield ind1=" " ind2=" " tag="752"><subfield code="a">United States</subfield><subfield code="b">Colorado</subfield><subfield code="c">Sedgwick</subfield><subfield code="d">Julesburg.</subfield></datafield><datafield ind1=" " ind2=" " tag="752"><subfield code="a">United States</subfield><subfield code="b">Wyoming</subfield><subfield code="c">Albany</subfield><subfield code="d">Fort Sanders.</subfield></datafield><datafield ind1=" " ind2=" " tag="752"><subfield code="a">United States</subfield><subfield code="b">Wyoming</subfield><subfield code="c">Albany</subfield><subfield code="d">Laramie.</subfield></datafield><datafield ind1=" " ind2=" " tag="752"><subfield code="a">United States</subfield><subfield code="b">Wyoming</subfield><subfield code="c">Sweetwater</subfield><subfield code="d">Green River.</subfield></datafield><datafield ind1="0" ind2="0" tag="780"><subfield code="t">Kearney herald (Fort Kearny, Neb.)</subfield></datafield></record>